<?xml version="1.0" encoding="UTF-8"?><collection xmlns="http://www.loc.gov/MARC21/slim"><record><leader>00503nam--2200181-u-4500</leader><controlfield tag="001">000052725</controlfield><controlfield tag="002">20161230</controlfield><controlfield tag="005">20161230201050</controlfield><controlfield tag="008">101007s1000------------r-----000-0-eng-d</controlfield><datafield ind1=" " ind2=" " tag="040"><subfield code="a">IFIN-HH</subfield></datafield><datafield ind1=" " ind2=" " tag="080"><subfield code="a">621.37</subfield></datafield><datafield ind1="1" ind2=" " tag="100"><subfield code="a">Chernov, Lev A</subfield></datafield><datafield ind1="1" ind2="0" tag="245"><subfield code="a">Wave Propagation in a Random Medium</subfield><subfield code="c">Lev A. Chernov</subfield></datafield><datafield ind1=" " ind2=" " tag="260"><subfield code="a">London</subfield><subfield code="b">McGraw-Hill Book Company, Inc</subfield><subfield code="c">1960</subfield></datafield><datafield ind1=" " ind2=" " tag="300"><subfield code="a">168 p</subfield></datafield><datafield ind1=" " ind2=" " tag="500"><subfield code="a">Translated from the Russian by R.A. Silverman</subfield></datafield><datafield ind1=" " ind2=" " tag="852"><subfield code="a">1162</subfield><subfield code="c">534</subfield></datafield><datafield ind1=" " ind2=" " tag="CAT"><subfield code="a">Sys</subfield><subfield code="c">20101007</subfield><subfield code="h">092301</subfield></datafield></record></collection>